<?xml version="1.0"?>
<marc:records xmlns:marc="http://www.loc.gov/MARC21/slim" xmlns:xsi="http://www.w3.org/2001/XMLSchema-instance" xsi:schemaLocation="http://www.loc.gov/MARC21/slim http://www.loc.gov/standards/marcxml/schema/MARC21slim.xsd">
  <marc:record>
    <marc:leader>03684ctd a2200553Ia 4500</marc:leader>
    <marc:controlfield tag="001">9962878673503681</marc:controlfield>
    <marc:controlfield tag="005">20191003131930.0</marc:controlfield>
    <marc:controlfield tag="008">141023q17001850ii            000 0 san d</marc:controlfield>
    <marc:datafield ind1=" " ind2=" " tag="035">
  <marc:subfield code="a">(OCoLC)ocn893629734</marc:subfield>
</marc:datafield>
    <marc:datafield ind1=" " ind2=" " tag="035">
  <marc:subfield code="a">(OCoLC)893629734</marc:subfield>
</marc:datafield>
    <marc:datafield ind1=" " ind2=" " tag="035">
  <marc:subfield code="a">(PU)6287867-penndb-Voyager</marc:subfield>
</marc:datafield>
    <marc:datafield ind1=" " ind2=" " tag="040">
  <marc:subfield code="a">PAULM</marc:subfield>
  <marc:subfield code="c">PAULM</marc:subfield>
  <marc:subfield code="e">dacs</marc:subfield>
  <marc:subfield code="d">PAULM</marc:subfield>
</marc:datafield>
    <marc:datafield ind1=" " ind2=" " tag="049">
  <marc:subfield code="a">PAUM</marc:subfield>
</marc:datafield>
    <marc:datafield ind1=" " ind2=" " tag="079">
  <marc:subfield code="a">ocn893629733</marc:subfield>
</marc:datafield>
    <marc:datafield ind1=" " ind2="9" tag="099">
  <marc:subfield code="a">Ms. Coll. 390</marc:subfield>
</marc:datafield>
    <marc:datafield ind1="0" ind2=" " tag="100">
  <marc:subfield code="a">Nr&#x325;sim&#x323;ha&#x304;s&#x301;rama.</marc:subfield>
</marc:datafield>
    <marc:datafield ind1="1" ind2="0" tag="240">
  <marc:subfield code="a">Veda&#x304;ntatattvaviveka</marc:subfield>
</marc:datafield>
    <marc:datafield ind1="1" ind2="0" tag="245">
  <marc:subfield code="6">880-01</marc:subfield>
  <marc:subfield code="a">Tattvaviveka,</marc:subfield>
  <marc:subfield code="f">circa 1700-1850.</marc:subfield>
</marc:datafield>
    <marc:datafield ind1=" " ind2=" " tag="300">
  <marc:subfield code="a">1</marc:subfield>
  <marc:subfield code="f">item (30 leaves) :</marc:subfield>
  <marc:subfield code="b">paper ;</marc:subfield>
  <marc:subfield code="c">12 x 31 cm.</marc:subfield>
</marc:datafield>
    <marc:datafield ind1=" " ind2=" " tag="500">
  <marc:subfield code="a">Title from colophon (f. 30r).</marc:subfield>
</marc:datafield>
    <marc:datafield ind1=" " ind2=" " tag="500">
  <marc:subfield code="a">Written in 13 lines per leaf.</marc:subfield>
</marc:datafield>
    <marc:datafield ind1=" " ind2=" " tag="500">
  <marc:subfield code="a">30 leaves foliated 1-30, upper left and lower right verso.</marc:subfield>
</marc:datafield>
    <marc:datafield ind1=" " ind2=" " tag="500">
  <marc:subfield code="a">Colophon: iti s&#x301;ri&#x304;matparamaham&#x323;saparivra&#x304;jaka&#x304;ca&#x304;ryas&#x301;ri&#x304;jaganna&#x304;tha&#x304;s&#x301;ramapu&#x304;jyaya&#x304;das&#x301;is&#x323;yas&#x301;ri&#x304;madveda&#x304;m&#x323;tasiddha&#x304;m&#x323;tasa&#x304;ra&#x304;bhijn&#x303;anr&#x323;sim&#x323;ha&#x304;s&#x301;ramamunipran&#x323;i&#x304;te tattvaviveke dviti&#x304;yah&#x323; parichedah&#x323; // sama&#x304;ptas&#x301;ca&#x304;yam&#x323; tatvaviekah&#x323; // (f. 30r).</marc:subfield>
</marc:datafield>
    <marc:datafield ind1=" " ind2=" " tag="500">
  <marc:subfield code="a">Mistakes covered over in yellow or blacked out; some corrections and additions in margins; some significant syllables, words, or phrases highlighted in red throughout.</marc:subfield>
</marc:datafield>
    <marc:datafield ind1="4" ind2=" " tag="510">
  <marc:subfield code="a">Listed in H.I. Poleman, Census of Indic Manuscripts in the United States and Canada (New Haven, Conn.:  American Oriental Society, 1938), Poleman</marc:subfield>
  <marc:subfield code="c">3918 (UP 1002).</marc:subfield>
</marc:datafield>
    <marc:datafield ind1=" " ind2=" " tag="520">
  <marc:subfield code="a">Manuscript is used for contemplation and study and is a Hindu philosophical treatise and commentary on Padmapa&#x304;da&#x304;ca&#x304;rya's Pan&#x303;capa&#x304;dika&#x304;, an early, foundational work of the Advaita (non-dualism) Veda&#x304;nta school of philosophy.</marc:subfield>
</marc:datafield>
    <marc:datafield ind1=" " ind2=" " tag="524">
  <marc:subfield code="a">UPenn Ms. Coll. 390, Item 1002</marc:subfield>
</marc:datafield>
    <marc:datafield ind1="0" ind2=" " tag="545">
  <marc:subfield code="a">Pupil of Jaganna&#x304;tha&#x304;s&#x301;rama (f. 30r).</marc:subfield>
</marc:datafield>
    <marc:datafield ind1=" " ind2=" " tag="546">
  <marc:subfield code="a">In Sanskrit</marc:subfield>
  <marc:subfield code="b">(Devana&#x304;gari&#x304;)</marc:subfield>
</marc:datafield>
    <marc:datafield ind1="1" ind2=" " tag="561">
  <marc:subfield code="a">Formerly owned by Jana&#x304;rdan Kon&#x323;d&#x323;adeva (f. 30r). This owner is from the village of Ga&#x304;d&#x323;agi&#x304; (or Ga&#x304;d&#x323;gi&#x304;la&#x304;ya) possibly in present day Jarakhand, India (f. 30r); the item is written by the same scribe as Item 845, Item 930, Item 931, Item 932, Item 934, and Item 2387.</marc:subfield>
</marc:datafield>
    <marc:datafield ind1="0" ind2="0" tag="600">
  <marc:subfield code="a">Padmapa&#x304;da&#x304;ca&#x304;rya,</marc:subfield>
  <marc:subfield code="d">active 8th century.</marc:subfield>
  <marc:subfield code="t">Pan&#x303;capa&#x304;dika&#x304;.</marc:subfield>
</marc:datafield>
    <marc:datafield ind1=" " ind2="0" tag="650">
  <marc:subfield code="a">Advaita.</marc:subfield>
</marc:datafield>
    <marc:datafield ind1=" " ind2="0" tag="650">
  <marc:subfield code="a">Vedanta.</marc:subfield>
</marc:datafield>
    <marc:datafield ind1=" " ind2="0" tag="650">
  <marc:subfield code="a">Hindu philosophy.</marc:subfield>
</marc:datafield>
    <marc:datafield ind1=" " ind2="0" tag="650">
  <marc:subfield code="a">Philosophy, Indic.</marc:subfield>
</marc:datafield>
    <marc:datafield ind1=" " ind2="7" tag="655">
  <marc:subfield code="a">Commentaries.</marc:subfield>
  <marc:subfield code="2">aat</marc:subfield>
</marc:datafield>
    <marc:datafield ind1=" " ind2="7" tag="655">
  <marc:subfield code="a">Treatises.</marc:subfield>
  <marc:subfield code="2">aat</marc:subfield>
</marc:datafield>
    <marc:datafield ind1=" " ind2="0" tag="655">
  <marc:subfield code="a">Manuscripts, Sanskrit</marc:subfield>
  <marc:subfield code="y">18th century.</marc:subfield>
</marc:datafield>
    <marc:datafield ind1=" " ind2="0" tag="655">
  <marc:subfield code="a">Manuscripts, Sanskrit</marc:subfield>
  <marc:subfield code="y">19th century.</marc:subfield>
</marc:datafield>
    <marc:datafield ind1=" " ind2="0" tag="655">
  <marc:subfield code="a">Manuscripts</marc:subfield>
  <marc:subfield code="z">India</marc:subfield>
  <marc:subfield code="y">18th century.</marc:subfield>
</marc:datafield>
    <marc:datafield ind1=" " ind2="0" tag="655">
  <marc:subfield code="a">Manuscripts</marc:subfield>
  <marc:subfield code="z">India</marc:subfield>
  <marc:subfield code="y">19th century.</marc:subfield>
</marc:datafield>
    <marc:datafield ind1="1" ind2=" " tag="700">
  <marc:subfield code="a">Ga&#x304;d&#x323;agi&#x304;la, Jana&#x304;rdana Kon&#x323;d&#x323;adeva,</marc:subfield>
  <marc:subfield code="e">former owner.</marc:subfield>
</marc:datafield>
    <marc:datafield ind1="0" ind2=" " tag="773">
  <marc:subfield code="t">Collection of Indic Manuscripts.</marc:subfield>
  <marc:subfield code="g">Item 1002</marc:subfield>
</marc:datafield>
    <marc:datafield ind1=" " ind2=" " tag="852">
  <marc:subfield code="b">Kislak Center for Special Collections, Rare Books and Manuscripts</marc:subfield>
  <marc:subfield code="a">University of Pennsylvania</marc:subfield>
  <marc:subfield code="e">3420 Walnut Street, Philadelphia, Pennsylvania 19104-6206.</marc:subfield>
  <marc:subfield code="j">Ms. Coll. 390</marc:subfield>
</marc:datafield>
    <marc:datafield ind1="4" ind2="1" tag="856">
  <marc:subfield code="z">Facsimile</marc:subfield>
  <marc:subfield code="u">http://hdl.library.upenn.edu/1017/d/medren/6287867</marc:subfield>
</marc:datafield>
    <marc:datafield ind1="1" ind2="0" tag="880">
  <marc:subfield code="6">245-01</marc:subfield>
  <marc:subfield code="a">&#x924;&#x924;&#x94D;&#x924;&#x94D;&#x935;&#x935;&#x93F;&#x935;&#x947;&#x915;,</marc:subfield>
  <marc:subfield code="f">&#x967;&#x96D;&#x966;&#x966;-&#x967;&#x96E;&#x96B;&#x966;.</marc:subfield>
</marc:datafield>
    <marc:datafield ind1=" " ind2=" " tag="994">
  <marc:subfield code="a">C0</marc:subfield>
  <marc:subfield code="b">PAULM</marc:subfield>
</marc:datafield>
    <marc:datafield ind1=" " ind2=" " tag="996">
  <marc:subfield code="a">unbound</marc:subfield>
</marc:datafield>
    <marc:datafield ind1=" " ind2=" " tag="999">
  <marc:subfield code="a">DLA</marc:subfield>
  <marc:subfield code="b">20160818</marc:subfield>
</marc:datafield>
    <marc:holdings>
      <marc:holding>
        <marc:holding_id>22341173690003681</marc:holding_id>
        <marc:call_number>Ms. Coll. 390</marc:call_number>
        <marc:library>KislakCntr</marc:library>
        <marc:location>scmss</marc:location>
      </marc:holding>
    </marc:holdings>
  </marc:record>
</marc:records>
